<record><leader>00000cas a22000007a 4500</leader><controlfield tag="001">17989451</controlfield><controlfield tag="008">880523d19651966txuwr ne      0   a0eng d</controlfield><datafield ind1=" " ind2=" " tag="010"><subfield code="a">sn 88083570 </subfield></datafield><datafield ind1=" " ind2=" " tag="040"><subfield code="a">PPM</subfield><subfield code="b">eng</subfield><subfield code="c">PPM</subfield><subfield code="d">NSD</subfield><subfield code="d">OCLCQ</subfield></datafield><datafield ind1="1" ind2=" " tag="022"><subfield code="a">1053-3796</subfield><subfield code="l">1053-3796</subfield><subfield code="2">1</subfield></datafield><datafield ind1=" " ind2=" " tag="042"><subfield code="a">msc</subfield><subfield code="a">nsdp</subfield></datafield><datafield ind1="0" ind2=" " tag="130"><subfield code="a">Bee (Hughes Springs, Tex.)</subfield></datafield><datafield ind1=" " ind2="4" tag="222"><subfield code="a">The Bee</subfield><subfield code="b">(1965)</subfield></datafield><datafield ind1="1" ind2="4" tag="245"><subfield code="a">The Bee.</subfield></datafield><datafield ind1=" " ind2=" " tag="260"><subfield code="a">Hughes Springs, Tex. :</subfield><subfield code="b">C.J. Wren,</subfield><subfield code="c">1965-</subfield></datafield><datafield ind1=" " ind2=" " tag="300"><subfield code="a">v.</subfield></datafield><datafield ind1=" " ind2=" " tag="310"><subfield code="a">Weekly</subfield></datafield><datafield ind1="0" ind2=" " tag="362"><subfield code="a">Vol. 1, no. 1 (Sept. 9, 1965)-</subfield></datafield><datafield ind1="1" ind2=" " tag="362"><subfield code="a">Ceased in 1966.</subfield></datafield><datafield ind1=" " ind2=" " tag="588"><subfield code="a">Latest issue consulted: Vol. 2, no. 13 (Mar. 31, 1966) (surrogate).</subfield></datafield><datafield ind1=" " ind2=" " tag="752"><subfield code="a">United States</subfield><subfield code="b">Texas</subfield><subfield code="c">Cass</subfield><subfield code="d">Hughes Springs.</subfield></datafield><datafield ind1="0" ind2="5" tag="780"><subfield code="t">Morris County news (Daingerfield, Tex.)</subfield><subfield code="w">(DLC)sn 86088532</subfield></datafield><datafield ind1="0" ind2="5" tag="780"><subfield code="t">New era (Hughes Springs, Tex. : 1903)</subfield><subfield code="w">(DLC)sn 86089378</subfield></datafield><datafield ind1="0" ind2="5" tag="780"><subfield code="t">Lone Star journal</subfield></datafield><datafield ind1="0" ind2="0" tag="785"><subfield code="t">Tri-city bee</subfield></datafield></record>